<?xml version="1.0" encoding="UTF-8"?><collection xmlns="http://www.loc.gov/MARC21/slim"><record><leader>00440nam--2200133-i-4500</leader><controlfield tag="001">000019454</controlfield><controlfield tag="002">20161230</controlfield><controlfield tag="005">20161230201033</controlfield><controlfield tag="008">060222s1000------------r-----000-0-eng-d</controlfield><datafield ind1=" " ind2=" " tag="080"><subfield code="a">546.212:015:550.4</subfield></datafield><datafield ind1=" " ind2=" " tag="100"><subfield code="a">Farina, Jean-claude</subfield></datafield><datafield ind1=" " ind2=" " tag="245"><subfield code="a">Sur le comportament de l`eau supercritique vis a vis de la silice et des silicates.synthese de silice fibreuse.these</subfield></datafield><datafield ind1=" " ind2=" " tag="260"><subfield code="a">Strasbourg, Universite Louis Pasteur, 1971. 121 P</subfield></datafield><datafield ind1=" " ind2=" " tag="852"><subfield code="a">38311</subfield></datafield></record></collection>